<record xmlns="http://www.loc.gov/MARC21/slim" xmlns:xsi="http://www.w3.org/2001/XMLSchema-instance" xsi:schemaLocation="http://www.loc.gov/MARC21/slim http://www.loc.gov/standards/marcxml/schema/MARC21slim.xsd"><leader>00037nz   2200037n  4500</leader><controlfield tag="001">DNB|102405522</controlfield><controlfield tag="003">DNB</controlfield><controlfield tag="005">19960808164523.0</controlfield><controlfield tag="008">930416|||az|nnaa|||||||||||| a|aaa|||| d</controlfield><datafield ind1="7" ind2=" " tag="016"><subfield code="a">102405522</subfield><subfield code="2">GyFmDB</subfield></datafield><datafield ind1=" " ind2=" " tag="040"><subfield code="a">0000</subfield><subfield code="b">ger</subfield><subfield code="d">9999</subfield><subfield code="f">RAK-PND</subfield></datafield><datafield ind1="1" ind2=" " tag="045"><subfield code="b">d2. Jh. v. Chr.</subfield></datafield><datafield ind1="1" ind2=" " tag="100"><subfield code="a">Scipio, Publius Cornelius</subfield><subfield code="c">Nasica</subfield><subfield code="d">2. Jh. v. Chr.</subfield></datafield><datafield ind1="1" ind2=" " tag="400"><subfield code="a">Scipio Nasica, Publius Cornelius</subfield><subfield code="d">2. Jh. v. Chr.</subfield></datafield><datafield ind1="0" ind2=" " tag="400"><subfield code="a">Scipio Nasica,</subfield><subfield code="c">Historicus</subfield><subfield code="d">2. Jh. v. Chr.</subfield></datafield><datafield ind1="0" ind2=" " tag="400"><subfield code="a">Scipio,</subfield><subfield code="c">Historicus</subfield><subfield code="d">2. Jh. v. Chr.</subfield></datafield><datafield ind1="1" ind2=" " tag="400"><subfield code="a">Cornelius Scipio Nasica, Publius</subfield><subfield code="d">2. Jh. v. Chr.</subfield></datafield><datafield ind1="0" ind2=" " tag="400"><subfield code="a">Scipio,</subfield><subfield code="c">Nasica</subfield><subfield code="d">2. Jh. v. Chr.</subfield></datafield><datafield ind1="0" ind2=" " tag="400"><subfield code="a">Scipio Nasica Corculum,</subfield><subfield code="c">Historicus</subfield><subfield code="d">2. Jh. v. Chr.</subfield></datafield><datafield ind1="0" ind2=" " tag="400"><subfield code="a">Scipio Nasica Corculum,</subfield><subfield code="c">Romanus</subfield><subfield code="d">2. Jh. v. Chr.</subfield></datafield><datafield ind1="0" ind2=" " tag="400"><subfield code="a">Scipio Nasica,</subfield><subfield code="c">Corculum</subfield><subfield code="d">2. Jh. v. Chr.</subfield></datafield><datafield ind1="1" ind2=" " tag="400"><subfield code="a">Scipio Nasica Corculum, Publius Cornelius</subfield><subfield code="d">2. Jh. v. Chr.</subfield></datafield><datafield ind1="0" ind2=" " tag="400"><subfield code="a">Cornelius Scipio,</subfield><subfield code="c">Nasica</subfield><subfield code="d">2. Jh. v. Chr.</subfield></datafield><datafield ind1="1" ind2=" " tag="400"><subfield code="a">Nasica, Publius Cornelius Scipio</subfield><subfield code="d">2. Jh. v. Chr.</subfield></datafield><datafield ind1="1" ind2=" " tag="400"><subfield code="a">Corculum, Publius Cornelius Scipio Nasica</subfield><subfield code="d">2. Jh. v. Chr.</subfield></datafield><datafield ind1=" " ind2=" " tag="678"><subfield code="a">FGrH 233</subfield></datafield><datafield ind1=" " ind2=" " tag="922"><subfield code="a">GW</subfield><subfield code="9">1</subfield></datafield></record>